@inproceedings{KatzK018,
	author    = {Jonathan Katz and
	Vladimir Kolesnikov and
	Xiao Wang},
	title     = {Improved Non-Interactive Zero Knowledge with Applications to Post-Quantum
	Signatures},
	booktitle = {{CCS} 2018},
	pages     = {525--537},
	publisher = {{ACM}},
	year      = {2018},
	url       = {https://doi.org/10.1145/3243734.3243805},
	doi       = {10.1145/3243734.3243805},
	timestamp = {Tue, 10 Nov 2020 20:00:51 +0100},
	biburl    = {https://dblp.org/rec/conf/ccs/KatzK018.bib},
	bibsource = {dblp computer science bibliography, https://dblp.org}
}

@article{KalesZ20,
	author    = {Daniel Kales and
	Greg Zaverucha},
	title     = {Improving the Performance of the Picnic Signature Scheme},
	journal   = {{IACR} Trans. Cryptogr. Hardw. Embed. Syst.},
	volume    = {2020},
	number    = {4},
	pages     = {154--188},
	year      = {2020},
	url       = {https://doi.org/10.13154/tches.v2020.i4.154-188},
	doi       = {10.13154/tches.v2020.i4.154-188},
	timestamp = {Wed, 02 Sep 2020 15:21:49 +0200},
	biburl    = {https://dblp.org/rec/journals/tches/KalesZ20.bib},
	bibsource = {dblp computer science bibliography, https://dblp.org}
}

@inproceedings{IshaiKOS07,
	author    = {Yuval Ishai and
	Eyal Kushilevitz and
	Rafail Ostrovsky and
	Amit Sahai},
	title     = {Zero-knowledge from secure multiparty computation},
	booktitle = {STOC 2007},
	pages     = {21--30},
	publisher = {{ACM}},
	year      = {2007},
	url       = {https://doi.org/10.1145/1250790.1250794},
	doi       = {10.1145/1250790.1250794},
	timestamp = {Tue, 06 Nov 2018 11:07:05 +0100},
	biburl    = {https://dblp.org/rec/conf/stoc/IshaiKOS07.bib},
	bibsource = {dblp computer science bibliography, https://dblp.org}
}

@inproceedings{ChaseDGORRSZ17,
	author    = {Melissa Chase and
	David Derler and
	Steven Goldfeder and
	Claudio Orlandi and
	Sebastian Ramacher and
	Christian Rechberger and
	Daniel Slamanig and
	Greg Zaverucha},
	title     = {Post-Quantum Zero-Knowledge and Signatures from Symmetric-Key Primitives},
	booktitle = {{CCS} 2017},
	pages     = {1825--1842},
	publisher = {{ACM}},
	year      = {2017},
	url       = {https://doi.org/10.1145/3133956.3133997},
	doi       = {10.1145/3133956.3133997},
	timestamp = {Tue, 10 Nov 2020 20:00:35 +0100},
	biburl    = {https://dblp.org/rec/conf/ccs/ChaseDGORRSZ17.bib},
	bibsource = {dblp computer science bibliography, https://dblp.org}
}